@Misc{COFRe,
	title =		"{Comunidad Federada REUNA}",
	url =		{http://cofre.reuna.cl/index.php/en/}
}
@Misc{InCommon,
	title =		"{InCommon: Security, Privacy and Trust for the Research and Education Community}",
	url =		{https://www.incommon.org/}
}
@Misc{CAOM2,
	title =		"{Common Archive Observation Model}",
	url =		{http://www.opencadc.org/caom2/}
}

@INPROCEEDINGS{2012ASPC..461..339D,
   author = {{Dowler}, P.},
    title = "{CAOM-2.0: The Inevitable Evolution of a Data Model}",
booktitle = {Astronomical Data Analysis Software and Systems XXI},
     year = 2012,
   series = {Astronomical Society of the Pacific Conference Series},
   volume = 461,
   editor = {{Ballester}, P. and {Egret}, D. and {Lorente}, N.~P.~F.},
    month = sep,
    pages = {339},
   adsurl = {http://adsabs.harvard.edu/abs/2012ASPC..461..339D},
  adsnote = {Provided by the SAO/NASA Astrophysics Data System}
}

@MISC{2011ivoa.spec.1028T,
   author = {{Tody}, D. and {Micol}, A. and {Durand}, D. and {Louys}, M. and
	{Bonnarel}, F. and {Schade}, D. and {Dowler}, P. and {Michel}, L. and
	{Salgado}, J. and {Chilingarian}, I. and {Rino}, B. and {de Dios Santander}, J. and
	{Skoda}, P.},
    title = "{Observation Data Model Core Components, its Implementation in the Table Access Protocol Version 1.0}",
howpublished = {IVOA Recommendation 28 October 2011},
     year = 2011,
    month = oct,
archivePrefix = "arXiv",
   eprint = {1111.1758},
 primaryClass = "astro-ph.IM",
   editor = {{Tody}, D. and {Micol}, A. and {Durand}, D. and {Louys}, M.},
   adsurl = {http://adsabs.harvard.edu/abs/2011ivoa.spec.1028T},
  adsnote = {Provided by the SAO/NASA Astrophysics Data System}
}

@MISC{2010ivoa.spec.0327D,
   author = {{Dowler}, P. and {Rixon}, G. and {Tody}, D.},
    title = "{Table Access Protocol Version 1.0}",
howpublished = {IVOA Recommendation 27 March 2010},
     year = 2010,
    month = mar,
archivePrefix = "arXiv",
   eprint = {1110.0497},
 primaryClass = "astro-ph.IM",
   editor = {{Dowler}, P.},
   adsurl = {http://adsabs.harvard.edu/abs/2010ivoa.spec.0327D},
  adsnote = {Provided by the SAO/NASA Astrophysics Data System}
}

@MISC{2008ivoa.spec.1030O,
   author = {{Osuna}, P. and {Ortiz}, I. and {Lusted}, J. and {Dowler}, P. and
	{Szalay}, A. and {Shirasaki}, Y. and {Nieto-Santisteban}, M.~A. and
	{Ohishi}, M. and {O'Mullane}, W. and {VOQL-TEG Group} and {VOQL Working Group.}
	},
    title = "{IVOA Astronomical Data Query Language Version 2.00}",
howpublished = {IVOA Recommendation 30 October 2008},
     year = 2008,
    month = oct,
archivePrefix = "arXiv",
   eprint = {1110.0503},
 primaryClass = "astro-ph.IM",
   editor = {{Osuna}, P. and {Ortiz}, I.},
   adsurl = {http://adsabs.harvard.edu/abs/2008ivoa.spec.1030O},
  adsnote = {Provided by the SAO/NASA Astrophysics Data System}
}

@MISC{2013ivoa.spec.0329G,
   author = {{Graham}, M. and {Morris}, D. and {Rixon}, G. and {Dowler}, P. and
	{Schaaff}, A. and {Tody}, D.},
    title = "{VOSpace specification Version 2.0}",
howpublished = {IVOA Recommendation 29 March 2013},
     year = 2013,
    month = mar,
archivePrefix = "arXiv",
   eprint = {1509.06049},
 primaryClass = "astro-ph.IM",
   editor = {{Graham}, M.},
   adsurl = {http://adsabs.harvard.edu/abs/2013ivoa.spec.0329G},
  adsnote = {Provided by the SAO/NASA Astrophysics Data System}
}

@MISC{2015ivoa.spec.1223D,
   author = {{Dowler}, P. and {Bonnarel}, F. and {Tody}, D.},
    title = "{IVOA Simple Image Access Version 2.0}",
howpublished = {IVOA Recommendation 23 December 2015},
     year = 2015,
    month = dec,
   editor = {{Dowler}, P. and {Bonnarel}, F.},
   adsurl = {http://adsabs.harvard.edu/abs/2015ivoa.spec.1223D},
  adsnote = {Provided by the SAO/NASA Astrophysics Data System}
}
